@book{lawler2010random,
  title={Random walk: a modern introduction},
  author={Lawler, Gregory F and Limic, Vlada},
  volume={123},
  year={2010},
  publisher={Cambridge University Press}
}
@inproceedings{mundy2014random,
  title={Random Walk},
  author={Mundy, John N},
  booktitle={Defect and Diffusion Forum},
  volume={353},
  pages={1--7},
  year={2014},
  organization={Trans Tech Publ}
}
@article{van1976stochastic,
  title={Stochastic differential equations},
  author={Van Kampen, Nicolaas G},
  journal={Physics reports},
  volume={24},
  number={3},
  pages={171--228},
  year={1976},
  publisher={Elsevier}
}
@incollection{protter2005stochastic,
  title={Stochastic differential equations},
  author={Protter, Philip E},
  booktitle={Stochastic integration and differential equations},
  pages={249--361},
  year={2005},
  publisher={Springer}
}
@article{arnold2000cannon,
  title={From cannon balls to yeast cells},
  author={Arnold, Wilfred N},
  journal={Science},
  volume={288},
  number={5463},
  pages={55--55},
  year={2000},
  publisher={American Association for the Advancement of Science}
}
@article{viazovska2017sphere,
  title={The sphere packing problem in dimension 8},
  author={Viazovska, Maryna S},
  journal={Annals of Mathematics},
  pages={991--1015},
  year={2017},
  publisher={JSTOR}
}

@book{thue1911dichteste,
  title={{\"U}ber die dichteste Zusammenstellung von kongruenten Kreisen in einer Ebene},
  author={Thue, Axel},
  number={1},
  year={1911},
  publisher={J. Dybwad}
}
@article{chang2010simple,
  title={A simple proof of Thue's theorem on circle packing},
  author={Chang, Hai-Chau and Wang, Lih-Chung},
  journal={arXiv preprint arXiv:1009.4322},
  year={2010}
}
@inproceedings{hales2017formal,
  title={A formal proof of the Kepler conjecture},
  author={Hales, Thomas and Adams, Mark and Bauer, Gertrud and Dang, Tat Dat and Harrison, John and Le Truong, Hoang and Kaliszyk, Cezary and Magron, Victor and McLaughlin, Sean and Nguyen, Tat Thang and others},
  booktitle={Forum of mathematics, Pi},
  volume={5},
  pages={e2},
  year={2017},
  organization={Cambridge University Press}
}